@misc{sumup2024,
  author       = {Vandecrux, Baptiste  and Amory, Charles and Ahlstrøm, Andreas P. and Akers, Pete D. and Albert, Mary and Alley, Richard B. and Arnaud, Laurent and Baker, Ian and Bales, Roger and Benson, Carl and Box, Jason E. and Buizert, Christo and Chandler, David M. and Charalampidis, Charalampos and Cherblanc, Clément and Clerx, Nicole and Colgan, William and Covi, Federico and Dattler, Marissa and Denis, Gilles and Derksen, Chris and Dibb, Jack E. and Ding, Minghu and Eisen, Olaf and Fahrner, Dominik and Fausto, Robert and Favier, Vincent and Fernandoy, Francisco and Freitag, Johannes and Gerland, Sebastian and Harper, Joel and Hawley, Robert L. and Heuer, Jasper and Hock, Regine and Hou, Shugui and How, Penelope and Hubbard, Bryn and Humphrey, Niel and Iizuka, Yoshinori and Isaksson, Elisabeth and Kameda, Takao and Karlsson, Nanna B. and Kawakami, Kaoru and Kjær, Helle Astrid and Kreutz, Karl and Kuipers Munneke, Peter and Lewis, Gabriel and MacFerrin, Michael and Machguth, Horst and Magand, Olivier and Mankoff, Kenneth D. and McConnell, Joseph R. and Medley, Brooke and Miller, Heinrich and Miller, Olivia and Morris, Elizabeth and Mosley-Thompson, Ellen and Mulvaney, Robert and Niwano, Masashi and Osterberg, Erich and Otosaka, Inès and Picard, Ghislain and Polashenski, Chris and Reijmer, Carleen and Rennermalm, Asa and Rutishauser, Anja and Scanlan, Kirk M. and Simonsen, Sebastian B. and Smeets, Paul, C.J.P. and Smith, Andrew and Solgaard, Anne and Spencer, Matthew and Steen-Larsen, Hans Christian and Stevens, C. Max and Sugiyama, Shin and Svensson, Jonas and Tedesco, Marco and Thomas, Elizabeth. R and Thompson-Munson, Megan and Tsutaki, Shun and van As, Dirk and Van den Broeke, Michiel R. and van Tiggelen, Maurice and Wang, Yetang and Wilhelms, Frank and Winstrup, Mai and Xiao, Jing and Xiao, Cunde},
  title        = {The SUMup collaborative database: Surface mass balance, subsurface temperature and density measurements from the Greenland and Antarctic ice sheets},
  doi          = {10.18739/A2M61BR5M},
  publisher    = {Artic Data Center},
  howpublished = {\url{http://dx.doi.org/10.18739/A2M61BR5M}},
  year         = {2024}
}
